% REV01 Sun 08 Aug 2021 11:48:50 WIB
% START Sat 07 Aug 2021 11:20:41 WIB

% Article % ==========================================================

% article{article.mcguire,
% author = {McGuire, Timothy J.},
% title = {A gentle way of introducing multi-core programming into the curriculum: tutorial presentation},
% journal = {J. Comput. Sci. Coll.},
% issue_date = {October 2010},
% volume = {26},
% number = {1},
% month = oct,
% year = {2010},
% issn = {1937-4771},
% pages = {124--125},
% numpages = {2},
% url = {http://dl.acm.org/citation.cfm?id=1858449.1858471},
% acmid = {1858471},
% publisher = {Consortium for Computing Sciences in Colleges},
% address = {USA},

% 13
@article{article.cynthia92,
 author = {Baker, Cynthia and Wuest, Judith and Stern, Phyllis},
 title = {Method Slurring, The Phenomenology/Grounded Theory Example},
 journal = {Journal of Advanced Nursing},
 volume = {17},
 number = {11},
 month = {November},
 year = {1992},
 issn = {1365-2648},
 pages = {1355--1360},
 numpages = {6},
} 

% 11
@article{article.glaser04,
 author = {Glaser, Barney G. and Holton, Judith},
 title = {Remodeling Grounded Theory},
 journal = {The Grounded Theory Review: An International Journal},
 volume = {4},
 number = {1},
 year = {2004},
 pages = {1--24},
 numpages = {24},
} 

% 11
@article{article.gummensson02,
 author = {Gummesson, Evert},
 title = {Relationship Marketing and the New Economy: Itâ€™s Time for De-Programming},
 journal = {Journal of Advanced Nursing},
 volume = {16},
 number = {7},
 year = {2002},
 pages = {585--589},
 numpages = {5},
}

% 7
@article{article.lowe97,
 author = {Lowe, Andy},
 title = {Managing to Post Merger Aftermath-Default Remodeling},
 journal = {The Grounded Theory Review: An International Journal},
 year = {1997},
} 

% 10
@article{article.morse95,
 author = {Morse, Janice},
 title = {Editorial},
 journal = {Qualitative Health Review},
 month = {May},
 year = {1995},
 pages = {147--149},
 numpages = {3},
}

% Book % ---==========================================================

% title={Software engineering: a practitioner's approach},
% author={Pressman, R.S.},
% isbn={9780073375977},
% lccn={2008048802},
% series={McGraw-Hill higher education},
% url={http://books.google.co.id/books?id=y4k\_AQAAIAAJ},
% year={2010},
% publisher={McGraw-Hill Higher Education}

% 8
@book{book.creswell98,
  title={Qualitative Inquiry and Research Design},
  author={Creswell, John W.},
  year={1998},
  publisher={Sage},
  address={Thousand Oaks, CA},
}

% 8
@book{book.glaser01,
  title={The Grounded Theory Perspective: Conceptualization Contrasted with Description},
  author={Glaser, Barney G},
  year={2001},
  publisher={Sociology Press},
  address={Mill Valley, Ca.},
}

% 8
@book{book.glaser65,
  title={Awareness of Dying},
  author={Glaser, Barney G. and Strauss, Anselm L.},
  year={1965},
  publisher={Aldine Publishing Co.},
  address={Chicago},
}

% 8
@book{book.glaser67,
  title={Discovery of Grounded Theory},
  author={Glaser, Barney G. and Strauss, Anselm L.},
  year={1967},
  publisher={Sociology Press},
  address={Mill Valley, Ca.},
}

% 8
@book{book.glaser78,
  title={Theoretical Sensitivity: Advances in the Methodology of Grounded Theory},
  author={Glaser, Barney G},
  year={1978},
  publisher={Sociology Press},
  address={Mill Valley, Ca.},
}
 
% 8
@book{book.glaser92,
  title={Basics of Grounded Theory Analysis},
  author={Glaser, Barney G},
  year={1992},
  publisher={Sociology Press},
  address={Mill Valley, Ca.},
}

% 8
@book{book.glaser93,
  title={Examples of Grounded Theory. A Reader},
  editor={Glaser, Barney G},
  year={1993},
  publisher={Sociology Press},
  address={Mill Valley, Ca.},
}

% 8
@book{book.glaser94,
  title={More Grounded Theory Methodology. A Reader},
  editor={Glaser, Barney G},
  year={1994},
  publisher={Sociology Press},
  address={Mill Valley, Ca.},
}

% 8
@book{book.glaser95,
  title={Grounded Theory 1984 to 1994},
  editor={Glaser, Barney G},
  year={1995},
  publisher={Sociology Press},
  address={Mill Valley, Ca.},
}

% 8
@book{book.glaser98a,
  title={Doing Grounded Theory. Issues and Discussions},
  author={Glaser, Barney G},
  year={1998},
  publisher={Sociology Press},
  address={Mill Valley, Ca.},
}

% 8
@book{book.glaser98b,
  title={Gerund Grounded Theory: The Basic Social Process Dissertation},
  editor={Glaser, Barney G. and Kaplan, W. Douglas},
  year={1998},
  publisher={Sociology Press},
  address={Mill Valley, Ca.},
}

% incollection ===================================================================

% 12
@incollection{incollection.may94,
        title = {The Case for Magic in Method},
        author = {May, Kathryn},
	booktitle = {Critical Issues in Qualitative Research Methods},
	editor={Morse, Janice},
	year = {1994},
	pages = {10--22},
	numpages = {13},
	publisher = {Sage},
	address = {Thousand Oaks, CA},
}

% 12
@incollection{incollection.morse94,
        title = {Emerging from the Data --- Cognitive Processes of Analysis in Qualitative Research},
        author = {Morse, Janice},
	booktitle = {Critical Issues in Qualitative Research Methods},
	editor={Morse, Janice},
	year = {1994},
	pages = {23--41},
	numpages = {19},
	publisher = {Sage},
	address = {Thousand Oaks, CA},
}

% 12
@incollection{incollection.morse86,
        title = {Qualitative Research: Issues in Sampling},
        author = {Morse, Janice},
	booktitle = {Nursing Research Methodology, Issues and Implementation},
	editor={Chinn, P.L.},
	year = {1986},
	pages = {181--193},
	publisher = {Aspen},
	address = {Rockville, MD},
}


% inproceedings ===================================================================

@inproceedings{paper.jackson,
	author = {Jackson, David B. and Snell, Quinn and Clement, Mark J.},
	title = {Core Algorithms of the Maui Scheduler},
	booktitle = {Revised Papers from the  7th International Workshop on Job Scheduling Strategies for Parallel Processing},
	series = {JSSPP '01},
	year = {2001},
	isbn = {3-540-42817-8},
	pages = {87--102},
	numpages = {16},
	url = {http://dl.acm.org/citation.cfm?id=646382.689682},
	acmid = {689682},
	publisher = {Springer-Verlag},
	address = {London, UK, UK},
} 

% misc  ===================================================================

@misc{adin.experiment,
  author = {Gladhi Guarddin},
  title = {{Percobaan Kompresi Menggunakan MPIBZIP2 pada Cluster Hastinapura}},
  howpublished = {Peronal Communication},
  year = {2010}
}

% techreport  ===================================================================

@techreport{techreport.nist,
    author = {Mell, Peter and Grance, Tim},
    day = {10},
    edition = {26},
    keywords = {nist},
    month = jul,
    organization = {National Institute of Standards and Technology, Information Technology Laboratory},
    Institution = {National Institute of Standards and Technology, Information Technology Laboratory},
    posted-at = {2010-01-29 11:30:53},
    priority = {2},
    title = {The {NIST} Definition of Cloud Computing},
    url = {http://csrc.nist.gov/publications/nistpubs/800-145/SP800-145.pdf},
    year = {2009},
    note = {[Diakses 17 April 2013]}
}

